% This file was created with JabRef 2.9.2.
% Encoding: Cp1252

@ARTICLE{rfc6824,
  author = {Ford A. and Raiciu C. and Handley M. and Bonaventure O.},
  title = {TCP Extensions for Multipath Operation with Multiple Addresses},
  journal = {RFC 6824},
  year = {January 2013},
  owner = {pix},
  timestamp = {2014.01.24}
}

@ARTICLE{rfc6182,
  author = {Ford A. and Raiciu C. and Handley M. and Barre S. and Iyengar J.},
  title = {Architectural Guidelines for Multipath TCP Development},
  journal = {RFC 6182},
  year = {March 2011},
  owner = {pix},
  timestamp = {2014.01.24}
}

@INPROCEEDINGS{coudron2013cross,
  author = {Coudron Matthieu and Secci Stefano and Pujolle Guy and Raad Patrick
	and Gallard Pascal},
  title = {Cross-layer cooperation to boost multipath TCP performance in cloud
	networks},
  booktitle = {Cloud Networking (CloudNet), 2013 IEEE 2nd International Conference
	on},
  year = {2013},
  pages = {58--66},
  organization = {IEEE}
}

